@article{sahai2009spectrum,
  title={Spectrum sensing: Fundamental limits},
  author={Sahai, Anant and Tandra, R and Mishra, M},
  journal={draft of the book chapter in Cognitive Radios: System Design Perspective},
  year={2009},
  publisher={Citeseer}
},
@article{akyildiz2011cooperative,
  title={Cooperative spectrum sensing in cognitive radio networks: A survey},
  author={Akyildiz, Ian F and Lo, Brandon F and Balakrishnan, Ravikumar},
  journal={Physical Communication},
  volume={4},
  number={1},
  pages={40--62},
  year={2011},
  publisher={Elsevier}
},
@inproceedings{gang2012secure,
  title={Secure enhanced compressed wideband spectrum sensing},
  author={Gang, Yao and Zheng, Baoyu and Chen, Junqing},
  booktitle={Wireless Communications \& Signal Processing (WCSP), 2012 International Conference on},
  pages={1--5},
  year={2012},
  organization={IEEE}
},
@inproceedings{khan2013comparative,
  title={Comparative study of spectrum sensing techniques in cognitive radio networks},
  author={Khan, Fazlullah and Nakagawa, Kenji},
  booktitle={Computer and Information Technology (WCCIT), 2013 World Congress on},
  pages={1--8},
  year={2013},
  organization={IEEE}
},
@article{lee2008optimal,
  title={Optimal spectrum sensing framework for cognitive radio networks},
  author={Lee, Won-Yeol and Akyildiz, Ian F},
  journal={Wireless Communications, IEEE Transactions on},
  volume={7},
  number={10},
  pages={3845--3857},
  year={2008},
  publisher={IEEE}
},
@inproceedings{qiao2011combination,
  title={Combination of spectrum sensing and allocation in cognitive radio networks based on compressive sampling},
  author={Qiao, Xiaoyu and Tan, Zhenhui},
  booktitle={GLOBECOM Workshops (GC Wkshps), 2011 IEEE},
  pages={565--569},
  year={2011},
  organization={IEEE}
},
@inproceedings{seshukumar2013spectrum,
  title={Spectrum sensing review in cognitive radio},
  author={Seshukumar, K and Saravanan, R and Suraj, MS},
  booktitle={Emerging Trends in VLSI, Embedded System, Nano Electronics and Telecommunication System (ICEVENT), 2013 International Conference on},
  pages={1--4},
  year={2013},
  organization={IEEE}
},
@inproceedings{ariananda2011multicoset, 
  author={Ariananda, D.D. and Leus, G. and Zhi Tian}, 
  booktitle={Digital Signal Processing (DSP), 2011 17th International Conference on}, 
  title={Multi-coset sampling for power spectrum blind sensing}, 
  year={2011}, 
  month={July}, 
  pages={1-8}, 
},
@article{axell2012spectrum,
  title={Spectrum sensing for cognitive radio: State-of-the-art and recent advances},
  author={Axell, Erik and Leus, Geert and Larsson, Erik G and Poor, H Vincent},
  journal={Signal Processing Magazine, IEEE},
  volume={29},
  number={3},
  pages={101--116},
  year={2012},
  publisher={IEEE}
},
@article{hossain2011wideband,
  title={Wideband spectrum sensing for cognitive radios with correlated subband occupancy},
  author={Hossain, Khalid and Champagne, Beno{\^\i}t},
  journal={IEEE Signal Processing Letters},
  volume={18},
  number={1},
  pages={35--38},
  year={2011},
  publisher={Institute of Electrical and Electronics Engineers, Inc., 3 Park Avenue, 17 th Fl New York NY 10016-5997 USA}
},
@article{quan2009optimal,
  title={Optimal multiband joint detection for spectrum sensing in cognitive radio networks},
  author={Quan, Zhi and Cui, Shuguang and Sayed, Ali H and Poor, H Vincent},
  journal={Signal Processing, IEEE Transactions on},
  volume={57},
  number={3},
  pages={1128--1140},
  year={2009},
  publisher={IEEE}
},
@article{candes2008introduction,
  title={An introduction to compressive sampling},
  author={Cand{\`e}s, Emmanuel J and Wakin, Michael B},
  journal={Signal Processing Magazine, IEEE},
  volume={25},
  number={2},
  pages={21--30},
  year={2008},
  publisher={IEEE}
},
@inproceedings{kirolos2006analog,
  title={Analog-to-information conversion via random demodulation},
  author={Kirolos, Sami and Laska, Jason and Wakin, Michael and Duarte, Marco and Baron, Dror and Ragheb, Tamer and Massoud, Yehia and Baraniuk, Richard},
  booktitle={Design, Applications, Integration and Software, 2006 IEEE Dallas/CAS Workshop on},
  pages={71--74},
  year={2006},
  organization={IEEE}
},
@article{candes2007sparsity,
  title={Sparsity and incoherence in compressive sampling},
  author={Candes, Emmanuel and Romberg, Justin},
  journal={Inverse problems},
  volume={23},
  number={3},
  pages={969},
  year={2007},
  publisher={IOP Publishing}
},
@article{mishali2010theory,
  title={From theory to practice: Sub-Nyquist sampling of sparse wideband analog signals},
  author={Mishali, Moshe and Eldar, Yonina C},
  journal={Selected Topics in Signal Processing, IEEE Journal of},
  volume={4},
  number={2},
  pages={375--391},
  year={2010},
  publisher={IEEE}
},
@inproceedings{laska2007theory,
  title={Theory and implementation of an analog-to-information converter using random demodulation},
  author={Laska, Jason N and Kirolos, Sami and Duarte, Marco F and Ragheb, Tamer S and Baraniuk, Richard G and Massoud, Yehia},
  booktitle={Circuits and Systems, 2007. ISCAS 2007. IEEE International Symposium on},
  pages={1959--1962},
  year={2007},
  organization={IEEE}
},
@article{ariananda2012compressive,
  title={Compressive wideband power spectrum estimation},
  author={Ariananda, Dyonisius Dony and Leus, Geert},
  journal={Signal Processing, IEEE Transactions on},
  volume={60},
  number={9},
  pages={4775--4789},
  year={2012},
  publisher={IEEE}
},
@article{romero2013wideband,
  title={Wideband spectrum sensing from compressed measurements using spectral prior information},
  author={Romero, Daniel and Leus, Geert},
  journal={Signal Processing, IEEE Transactions on},
  volume={61},
  number={24},
  pages={6232--6246},
  year={2013},
  publisher={IEEE}
},
@inproceedings{vaidyanathan2010sparse,
  title={Sparse sensing with coprime arrays},
  author={Vaidyanathan, PP and Pal, Piya},
  booktitle={Signals, Systems and Computers (ASILOMAR), 2010 Conference Record of the Forty Fourth Asilomar Conference on},
  pages={1405--1409},
  year={2010},
  organization={IEEE}
},
@inproceedings{pal2011coprime,
  title={Coprime sampling and the MUSIC algorithm},
  author={Pal, Piya and Vaidyanathan, Palghat P},
  booktitle={Digital Signal Processing Workshop and IEEE Signal Processing Education Workshop (DSP/SPE), 2011 IEEE},
  pages={289--294},
  year={2011},
  organization={IEEE}
},
@book{yates2005probability,
  title={Probability and stochastic processes: a friendly introduction for electrical and computer engineers},
  author={Yates, R.D. and Goodman, D.J.},
  isbn={9780471272144},
  lccn={2004555118},
  url={http://books.google.nl/books?id=eN4mAQAAIAAJ},
  year={2005},
  publisher={John Wiley \& Sons}
},
@book{papadimitriou2013combinatorial,
  title={Combinatorial Optimization: Algorithms and Complexity},
  author={Papadimitriou, C.H. and Steiglitz, K.},
  isbn={9780486320137},
  series={Dover Books on Computer Science},
  url={https://books.google.nl/books?id=BSPCAgAAQBAJ},
  year={2013},
  publisher={Dover Publications}
},
@book{poole2010linear,
  title={Linear Algebra: A Modern Introduction},
  author={Poole, D.},
  isbn={9780538735445},
  url={https://books.google.nl/books?id=y-4CSgAACAAJ},
  year={2010},
  publisher={Brooks/Cole/Cengage Learning}
},
@book{couch2013digital,
  title={Digital \& Analog Communication Systems: International Edition},
  author={Couch, L.W.},
  isbn={9780273774228},
  url={https://books.google.nl/books?id=4\_WoBwAAQBAJ},
  year={2013},
  publisher={Pearson Education Limited}
},
@book{lutz2013learning,
  title={Learning Python},
  author={Lutz, M.},
  isbn={9781449355692},
  series={Safari Books Online},
  url={https://books.google.nl/books?id=4pgQfXQvekcC},
  year={2013},
  publisher={O'Reilly Media}
},
@book{martin2008clean,
  title={Clean Code: A Handbook of Agile Software Craftsmanship},
  author={Martin, R.C.},
  isbn={9780136083252},
  url={https://books.google.nl/books?id=\_i6bDeoCQzsC},
  year={2008},
  publisher={Pearson Education}
},
@book{proakis2007digital,
  title={Digital Signal Processing},
  author={Proakis, J.G. and Manolakis, D.G.},
  isbn={9780132287319},
  url={https://books.google.nl/books?id=twtGPwAACAAJ},
  year={2007},
  publisher={Pearson Prentice Hall}
},
@book{press2007numerical,
  title={Numerical Recipes 3rd Edition: The Art of Scientific Computing},
  author={Press, W.H.},
  isbn={9780521880688},
  lccn={89015841},
  url={https://books.google.nl/books?id=1aAOdzK3FegC},
  year={2007},
  publisher={Cambridge University Press}
},

